@article{Koren09,
	author  = "Y. Koren and R. Bell and C. Volinsky",
	title   = "Matrix Factorization Techniques for Recommender Systems",
	journal = "IEEE Computer Society",
	year    = "2009",
	number  = "0018-9162",
	pages   = "42-49",
}
